@book{web:nnBook,
    title = {"Neural Network and deep learning"},
    author = {Michael A. Nielsen},
    year = {2015},
    publisher = {Determination Press},
    url = {neuralnetworkanddeeplearning.com},
}

@online{web:nn3b1b,
    title = {Neural Network},
    author = {Grand "3Blue1Brown" Sanderson},
    year = {2017},
    url = {www.3blue1brown.com/topics/neural-networks},
}

@book{stochasticGradDesc,
    title = {On-line learning and Neural Network},
    author = {Bottou LÃ©on},
    publisher = {Cambdrige University Press},
    langid = {english},
    date = 1998,
    isbn = {978-0-521-65263-6},
}

@misc{cnn,
    title = {Introduction to Convolutional Neural Network},
    author = {Jianxin Wu},
    date = {2017-05-01},
    publisher = {National Key Lab for Novel Software Technology, Nanjing
                 University, China},
}

@article{historic,
    title = {What the Frog's Eye Tells the Frog's Brain},
    author = {Lettvin, J.Y. and Maturana, H.R. and McCulloch, W.S. and Pitts,
              W.H.},
    date = {01-1959},
    volume = {47},
    pages = {1940-1951},
    number = {11},
    journaltitle = {proceedings of the ire},
}

@book{theAnnBook,
    title = {The artificial neural network book},
    author = {Keinosuke Fukunaga},
    publisher = {Academic Press},
    isbn = {9780122698514,0122698517,0198538642,0201513765,0387940197},
    year = {1990},
    series = {Computer Science and Scientific Computing Series},
    edition = {2},
    volume = {},
    url = {
           http://gen.lib.rus.ec/book/index.php?md5=cdae1d1a4fe3d92dadd631ea806af05b
           },
}
